<?xml version="1.0" encoding="UTF-8"?><collection xmlns="http://www.loc.gov/MARC21/slim"><record><leader>00416nam--2200169-i-4500</leader><controlfield tag="001">000047506</controlfield><controlfield tag="002">20161230</controlfield><controlfield tag="005">20161230201046</controlfield><controlfield tag="008">060222s1000------------r-----000-0-eng-d</controlfield><datafield ind1=" " ind2=" " tag="040"><subfield code="a">IFIN-HH</subfield></datafield><datafield ind1=" " ind2=" " tag="080"><subfield code="a">519.24/25</subfield></datafield><datafield ind1="1" ind2=" " tag="100"><subfield code="a">Wilks, S.S</subfield></datafield><datafield ind1="1" ind2="0" tag="245"><subfield code="a">Mathematical statistics</subfield><subfield code="c">S.s. wilks</subfield></datafield><datafield ind1=" " ind2=" " tag="260"><subfield code="a">Princeton</subfield><subfield code="b">University Press</subfield><subfield code="c">1950</subfield></datafield><datafield ind1=" " ind2=" " tag="300"><subfield code="a">284P</subfield></datafield><datafield ind1=" " ind2=" " tag="852"><subfield code="a">1045</subfield><subfield code="c">519.24</subfield></datafield><datafield ind1=" " ind2=" " tag="CAT"><subfield code="a">Sys</subfield><subfield code="c">20130802</subfield><subfield code="h">121952</subfield></datafield></record></collection>